@Book{bradt:processes,
  author = 	 {Bradt, Hale},
  title = 	 {Astrophysics processes},
  subtitle = 	 {The Physics of Astronomical Phenomena},
  publisher = 	 {Cambridge University Press},
  year = 	 {2010},
  location =	 {Cambridge},
  chapter = 	 {1}
}

@Report{codata:costanti,
  author = 	 {Mohr, P. J. and Taylor, B. N. and Newell, D. B.},
  institution =	 {{National Institute of Standards and Technology}},
  title = 	 {The 2006 CODATA Recommended Values of the Fundamental Physical
                  Constants},
  date = 	 {2008-10-25},
  url = 	 {http://physics.nist.gov/cuu/Constants/index.html},
  location = 	 {Gaithersburg, Maryland 20899}
}

@Book{fabrizio:meccanica,
  author = 	 {Fabrizio, Mauro},
  title = 	 {Introduzione alla meccanica razionale e ai suoi metodi},
  publisher = 	 {Zanichelli},
  year = 	 {1994},
  location = 	 {Bologna},
  chapter = 	 {2}
}

@Book{goldstein:meccanica,
  author =	 {Goldstein, Herbert and Poole, Charles and Safko, John},
  title = 	 {Meccanica Classica},
  publisher = 	 {Zanichelli},
  year = 	 {2005},
  location =	 {Bologna}
}

@Book{landau:meccanica,
  author =	 {Landau, Lev Davidovič and Lifšits, Evgenij Mikhailovič},
  title = 	 {Meccanica},
  publisher = 	 {Editori Riuniti university press},
  year = 	 {2009},
  series =	 {Fisica teorica},
  volume = 	 {1},
  location =	 {Roma}
}

@Book{melia:astrophysics,
  author = 	 {Melia, Fulvio},
  title = 	 {High-Energy Astrophysics},
  publisher = 	 {Princeton University Press},
  series = 	 {Princeton Series in Astrophysics},
  year = 	 {2009},
  location = 	 {Princeton},
  chapter = 	 {10}
}

@Book{padmanabhan:stars,
  author =	 {Padmanabhan, Thanu},
  title = 	 {Stars and Stellar Systems},
  publisher = 	 {Cambdridge University Press},
  year = 	 {2001},
  series = 	 {Theoretical Astrophysics},
  volume = 	 {2},
  location =	 {Cambridge}
}

@Book{smart:textbook,
  author = 	 {Smart, William Marshall},
  title = 	 {Textbook on Spherical Astronomy},
  publisher = 	 {Cambridge University Press},
  year = 	 {1980},
  location =	 {Cambridge},
  chapter = 	 {5}
}
